@article{dujmovic.joret.ea:planar,
  author    = {Vida Dujmovi\'{c} and
               Gwena{\"{e}}l Joret and
               Piotr Micek and
               Pat Morin and
               Torsten Ueckerdt and
               David R. Wood},
  title     = {Planar Graphs Have Bounded Queue-Number},
  journal   = {J. {ACM}},
  volume    = {67},
  number    = {4},
  pages     = {22:1--22:38},
  year      = {2020},
  url       = {https://dl.acm.org/doi/10.1145/3385731},
  timestamp = {Thu, 17 Sep 2020 12:01:03 +0200},
  biburl    = {https://dblp.org/rec/journals/jacm/DujmovicJMMUW20.bib},
  bibsource = {dblp computer science bibliography, https://dblp.org}
}

@article{morin:fast,
  author    = {Pat Morin},
  title     = {A Fast Algorithm for the Product Structure of Planar Graphs},
  journal   = {Algorithmica},
  volume    = {83},
  number    = {5},
  pages     = {1544--1558},
  year      = {2021},
  url       = {https://doi.org/10.1007/s00453-020-00793-5},
  doi       = {10.1007/s00453-020-00793-5},
  timestamp = {Thu, 29 Apr 2021 15:14:56 +0200},
  biburl    = {https://dblp.org/rec/journals/algorithmica/Morin21.bib},
  bibsource = {dblp computer science bibliography, https://dblp.org}
}

@book{diestel:graph,
  author    = {Reinhard Diestel},
  title     = {Graph Theory, Fifth Edition},
  series    = {Graduate texts in mathematics},
  volume    = {173},
  publisher = {Springer},
  year      = {2017},
  isbn      = {978-3-642-14278-9},
  doi       = {10.1007/978-3-662-53622-3 },
}

@inproceedings{pupyrev:mixed,
  author    = {Sergey Pupyrev},
  editor    = {Fabrizio Frati and
               Kwan{-}Liu Ma},
  title     = {Mixed Linear Layouts of Planar Graphs},
  booktitle = {Graph Drawing and Network Visualization - 25th International Symposium,
               {GD} 2017, Boston, MA, USA, September 25-27, 2017, Revised Selected
               Papers},
  series    = {Lecture Notes in Computer Science},
  volume    = {10692},
  pages     = {197--209},
  publisher = {Springer},
  year      = {2017},
  url       = {https://doi.org/10.1007/978-3-319-73915-1\_17},
  doi       = {10.1007/978-3-319-73915-1\_17},
  timestamp = {Wed, 17 Feb 2021 08:16:51 +0100},
  eprint    = {1709.00285},
  arxiv     = {1709.00285},
  biburl    = {https://dblp.org/rec/conf/gd/Pupyrev17.bib},
  bibsource = {dblp computer science bibliography, https://dblp.org}
}
